/afs/itp.tugraz.at/user/arrigoni/bibtex/references_database.bib