@misc{gius.17, 
  author = {Giustino F.},
  title = {Electron-phonon interactions from first principles},
  journal = {Rev. Mod. Phys.},
  year = {2017},
  volume = {89},
  pages = {015003},
  issue = {1},
  numpages = {63},
  month = {Feb},
  publisher = {American Physical Society},
  doi = {10.1103/RevModPhys.89.015003},
  url = {https://link.aps.org/doi/10.1103/RevModPhys.89.015003}
}
 
